<?xml version="1.0" encoding="UTF-8"?><collection xmlns="http://www.loc.gov/MARC21/slim"><record><leader>00463nam--2200169-i-4500</leader><controlfield tag="001">000020387</controlfield><controlfield tag="002">20161230</controlfield><controlfield tag="005">20161230201033</controlfield><controlfield tag="008">060222s1000------------r-----000-0-eng-d</controlfield><datafield ind1=" " ind2=" " tag="040"><subfield code="a">IFIN-HH</subfield></datafield><datafield ind1=" " ind2=" " tag="080"><subfield code="a">547.73</subfield></datafield><datafield ind1="1" ind2=" " tag="100"><subfield code="a">Drenck, Kaj</subfield></datafield><datafield ind1="1" ind2="0" tag="245"><subfield code="a">X-ray particle size determination and its application to flint</subfield><subfield code="c">Kaj drenck</subfield></datafield><datafield ind1=" " ind2=" " tag="260"><subfield code="a">Pennsylvania</subfield><subfield code="b">University Park</subfield><subfield code="c">1959</subfield></datafield><datafield ind1=" " ind2=" " tag="300"><subfield code="a">IX + 158 P</subfield></datafield><datafield ind1=" " ind2=" " tag="852"><subfield code="a">76785</subfield><subfield code="c">537.531</subfield></datafield><datafield ind1=" " ind2=" " tag="CAT"><subfield code="a">Sys</subfield><subfield code="c">20110810</subfield><subfield code="h">140540</subfield></datafield></record></collection>